@manual{SkyboxR-2020,
  title={Vulnerability and Threat Trends; Technical Report 2020},
  publisher={SkyboxR Research Lab},
  author={},
  url={https://lp.skyboxsecurity.com/rs/440-MPQ-510/images/Skybox\_Report\_2020-VT\_Trends.pdf},
  year={2020 (dostęp z dnia 17.12.2020)}
}

@manual{SkyboxR-2021,
  title={Vulnerability and Threat Trends; Technical Report 2021},
  publisher={SkyboxR Research Lab},
  url={https://lp.skyboxsecurity.com/rs/440-MPQ-510/images/Skybox-Security-vulnerability-and-threat-trends-report-2021.pdf},
  year={2021 (dostęp z dnia 10.06.2021)}
}

@manual{CIS-2010,
  title={The CIS Security Metrics},
  publisher={The Center for Internet Security},
  url={https://www.itsecure.hu/library/image/CIS_Security_Metrics-Quick_Start_Guide_v1.0.0.pdf},
  year={2010 (dostęp z dnia 10.06.2021)}
}

@article{al2019risk,
  title={Risk assessment using NIST SP 800-30 revision 1 and ISO 27005 combination technique in profit-based organization: Case study of ZZZ information system application in ABC agency},
  author={Al Fikri, Muhamad and Putra, Fandi Aditya and Suryanto, Yohan and Ramli, Kalamullah},
  journal={Procedia Computer Science},
  volume={161},
  pages={1206--1215},
  year={2019},
  publisher={Elsevier}
}

@inproceedings{walkowski2018impact,
  title={The impact of cyber security on the quality of service in optical networks},
  author={Walkowski, M and Oko, J and Sujecki, S and Kozdrowski, S},
  booktitle={Proc. 10th International Conferences on Advanced Service Computing},
  pages={53--56},
  year={2018}
}

@manual{Gartner-2020,
  title={A Guidance Framework for Developing and Implementing Vulnerability Management},
  pubisher={Gartner Research},
  url={https://www.gartner.com/en/documents/3747620},
  year={2020 (dostęp z dnia 17.12.2020)}
}

@article{rochford2008t,
  title={T. Threat-Centric Vulnerability Remediation Prioritization},
  author={Rochford, O},
  journal={Journal Abbreviation 2008},
  volume={10},
  year=2008,
  pages={142--149}
}

@article{haldar2017mathematical,
  title={Mathematical model on vulnerability characterization and its impact on network epidemics},
  author={Haldar, Kaushik and Mishra, Bimal Kumar},
  journal={International Journal of System Assurance Engineering and Management},
  volume={8},
  number={2},
  pages={378--392},
  year={2017},
  publisher={Springer}
}

@inproceedings{mann1999towards,
  title={Towards a common enumeration of vulnerabilities},
  author={Mann, David E and Christey, Steven M},
  booktitle={2nd Workshop on Research with Security Vulnerability Databases, Purdue University, West Lafayette, Indiana},
  year={1999}
}

@manual{cvsspecification,
  title  = "Common Vulnerability Scoring System: Specification Document",
  author = "FIRST",
  url    = "http://www.first.org/cvss",
  year   = "(dostęp z dnia 17.12.2020)"
}

@article{jukka2019look,
  title={A look at the time delays in CVSS vulnerability scoring},
  author={JUKKA, R},
  journal={Applied Computing and Informatics},
  volume={15},
  number={2},
  pages={1--18},
  year={2019}
}

@article{morrison2018vulnerabilities,
  title={Are vulnerabilities discovered and resolved like other defects?},
  author={Morrison, Patrick J and Pandita, Rahul and Xiao, Xusheng and Chillarege, Ram and Williams, Laurie},
  journal={Empirical Software Engineering},
  volume={23},
  number={3},
  pages={1383--1421},
  year={2018},
  publisher={Springer}
}

@article{martin2001managing,
  title={Managing vulnerabilities in networked systems},
  author={Martin, Robert A},
  journal={Computer},
  volume={34},
  number={11},
  pages={32--38},
  year={2001},
  publisher={IEEE}
}

@inproceedings{fall2019common,
  title={The Common Vulnerability Scoring System vs. Rock Star Vulnerabilities: Why the Discrepancy?},
  author={Fall, Doudou and Kadobayashi, Youki},
  booktitle={ICISSP},
  pages={405--411},
  year={2019}
}

@misc{mell2003overview,
  title={An overview of issues in testing intrusion detection systems},
  author={Mell, Peter and Hu, Vincent and Lippmann, Richard and Haines, Josh and Zissman, Marc},
  year={2003},
  publisher={Citeseer}
}

@misc{kaya2019study,
  title={A Study of Vulnerabilities and Weaknesses in Connected Cars},
  author={Kaya, Koray},
  year={2019}
}

@misc{food2016postmarket,
  title={Postmarket Management of Cybersecurity in Medical Devices: Guidance for Industry and Food and Drug Administration Staff},
  author={Food and Drug Administration and others},
  year={2016},
  publisher={USA}
}

@inproceedings{wang2018mining,
  title={Mining security requirements from common vulnerabilities and exposures for agile projects},
  author={Wang, Wentao and Gupta, Arushi and Niu, Nan},
  booktitle={2018 IEEE 1st International Workshop on Quality Requirements in Agile Projects (QuaRAP)},
  pages={6--9},
  year={2018},
  organization={IEEE}
}

@manual{ibmxforce,
  title  = "IBM X-Force Threat Intelligence",
  author = "IBM",
  url    = "https://www.ibm.com/security/xforce",
  year   = "(dostęp z dnia 17.12.2020)"
}

@manual{broadcom-2020,
  title  = "Symantec Security Center",
  url    = "https://www.broadcom.com/support/security-center",
  year   = "(dostęp z dnia 17.12.2020)"
}

@manual{msrc-2020,
  title  = "Microsoft Security Response Center",
  url    = "https://www.microsoft.com/en-us/msrc?rtc=1",
  year   = "(dostęp z dnia 17.12.2020)"
}

@manual{Redhat-2020,
  title  = "Redhat Product Security Center",
  url    = "https://access.redhat.com/security",
  year   = "(dostęp z dnia 17.12.2020)"
}

@manual{mozilla-2020,
  title  = "Mozilla Foundation Security Advisories",
  url    = "https://www.mozilla.org/en-US/security/advisories/",
  year   = "(dostęp z dnia 17.12.2020)"
}

@manual{secunia-2020,
  title  = "Secunia Research",
  url    = "http://secunia.com/advisories/historic/",
  year   = "(dostęp z dnia 17.12.2020)"
}

@manual{cve-2017-0143,
  title  = "cve-2017-0143",
  url    = "https://nvd.nist.gov/vuln/detail/cve-2017-0143",
  year   = "(dostęp z dnia 17.06.2021)"
}

@article{liu2012improving,
  title={Improving VRSS-based vulnerability prioritization using analytic hierarchy process},
  author={Liu, Qixu and Zhang, Yuqing and Kong, Ying and Wu, Qianru},
  journal={Journal of Systems and Software},
  volume={85},
  number={8},
  pages={1699--1708},
  year={2012},
  publisher={Elsevier}
}

@manual{chromium-2020,
  title  = "Google. Severity Guidelines for Security Issues",
  url    = "http://dev.chromium.org/developers/severity-guidelines",
  year   = "(dostęp z dnia 17.12.2020)"
}


@article{mell2006common,
  title={Common vulnerability scoring system},
  author={Mell, Peter and Scarfone, Karen and Romanosky, Sasha},
  journal={IEEE Security \& Privacy},
  volume={4},
  number={6},
  pages={85--89},
  year={2006},
  publisher={IEEE}
}

@manual{cvs2005specification,
  title  = "Common Vulnerability Scoring System v2.0: Specification Document",
  author = "FIRST",
  url    = "https://www.first.org/cvss/v2/guide",
  year   = "2005 (dostęp z dnia 17.06.2021)"
}


@manual{cvs2019specification,
  title  = "Common Vulnerability Scoring System v3.1: Specification Document",
  author = "FIRST",
  url    = "https://www.first.org/cvss/v3.1/specification-document",
  year   = "2019 (dostęp z dnia 17.06.2021)"
}

@inproceedings{eiram2013cvssv2,
  title={The CVSSv2 shortcomings, faults, and failures formulation},
  author={Eiram, Carsten and Martin, Brian},
  booktitle={Technical report, Forum of Incident Response and Security Teams (FIRST)},
  year={2013}
}

@manual{cvs2021improvements,
  title  = "List of Potential Improvements for CVSS v4.0",
  author = "FIRST",
  url    = "https://docs.google.com/document/d/1qmmk9TQulW9d1cuipu\_ziXDX0pUswbZ1WSQyynHbvKU/edit",
  year   = "dostęp z dnia 17.06.2021"
}

@article{nyanchama2005enterprise,
  title={Enterprise Vulnerability Management and Its Role in Information Security Management.},
  author={Nyanchama, Matunda},
  journal={Inf. Secur. J. A Glob. Perspect.},
  volume={14},
  number={3},
  pages={29--56},
  year={2005},
  publisher={Taylor \& Francis}
}

@article{mohurle2017brief,
  title={A brief study of wannacry threat: Ransomware attack 2017},
  author={Mohurle, Savita and Patil, Manisha},
  journal={International Journal of Advanced Research in Computer Science},
  volume={8},
  number={5},
  pages={1938--1940},
  year={2017}
}

@inproceedings{chen2017automated,
  title={Automated behavioral analysis of malware: A case study of wannacry ransomware},
  author={Chen, Qian and Bridges, Robert A},
  booktitle={2017 16th IEEE International Conference on Machine Learning and Applications (ICMLA)},
  pages={454--460},
  year={2017},
  organization={IEEE}
}

@inproceedings{walkowski2019container,
  title={Container Based Analysis Tool for Vulnerability Prioritization in Cyber Security Systems},
  author={Walkowski, Michal and Biskup, M and Szewczyk, A and Oko, Jacek and Sujecki, Slawomir},
  booktitle={2019 21st International Conference on Transparent Optical Networks (ICTON)},
  pages={1--4},
  year={2019},
  organization={IEEE}
}

@inproceedings{fruhwirth2009improving,
  title={Improving CVSS-based vulnerability prioritization and response with context information},
  author={Fruhwirth, Christian and Mannisto, Tomi},
  booktitle={2009 3rd International symposium on empirical software engineering and measurement},
  pages={535--544},
  year={2009},
  organization={IEEE}
}

@inproceedings{wang2015vulnerability,
  title={Vulnerability evaluation based on CVSS and environmental information statistics},
  author={Wang, Shuguang and Xia, Chunhe and Gao, Jinghua and Jia, Qiong},
  booktitle={2015 4th International Conference on Computer Science and Network Technology (ICCSNT)},
  volume={1},
  pages={1249--1252},
  year={2015},
  organization={IEEE}
}

@inproceedings{gallon2010impact,
  title={On the impact of environmental metrics on CVSS scores},
  author={Gallon, Laurent},
  booktitle={2010 IEEE Second International Conference on Social Computing},
  pages={987--992},
  year={2010},
  organization={IEEE}
}

@inproceedings{ali2011software,
  title={A software application to analyze the effects of temporal and environmental metrics on overall CVSS v2 score},
  author={Ali, Assad and Zavarsky, Pavol and Lindskog, Dale and Ruhl, Ron},
  booktitle={2011 World Congress on Internet Security (WorldCIS-2011)},
  pages={109--113},
  year={2011},
  organization={IEEE}
}

@inproceedings{chen2007stakeholder,
  title={Stakeholder value driven threat modeling for off the shelf based systems},
  author={Chen, Yue and Boehm, BW},
  booktitle={29th International Conference on Software Engineering (ICSE'07 Companion)},
  pages={91--92},
  year={2007},
  organization={IEEE}
}

@article{eschelbeck2005laws,
  title={The Laws of Vulnerabilities: Which security vulnerabilities really matter?},
  author={Eschelbeck, Gerhard},
  journal={Information Security Technical Report},
  volume={10},
  number={4},
  pages={213--219},
  year={2005},
  publisher={Elsevier}
}

@article{lai2007using,
  title={Using the vulnerability information of computer systems to improve the network security},
  author={Lai, Yeu-Pong and Hsia, Po-Lun},
  journal={Computer Communications},
  volume={30},
  number={9},
  pages={2032--2047},
  year={2007},
  publisher={Elsevier}
}

@inproceedings{rieke2006modelling,
  title={Modelling and analysing network security policies in a given vulnerability setting},
  author={Rieke, Roland},
  booktitle={International Workshop on Critical Information Infrastructures Security},
  pages={67--78},
  year={2006},
  organization={Springer}
}

@manual{Gartner-vm,
  title={Gartner Peer Insights ‘Voice of the Customer’: Vulnerability Assessment},
  pubisher={Gartner Research},
  url={https://www.gartner.com/doc/reprints?id=1-1Z87ZU8K\&ct=200611\&st=sb},
  year={2020 (dostęp z dnia 17.12.2020)}
}

@manual{fsecure2021,
  title  = "Vulnerability Management Tool",
  author = "F-Secure",
  url    = "https://www.f-secure.com/us-en/business/ solutions/vulnerability-management/radar",
  year   = "2021 (dostęp z dnia 10.06.2021)"
}

@manual{qualys2021,
  title  = "Vulnerability Management Tool",
  author = "Qualys",
  url    = "https://www.qualys.com /apps/vulnerability-management/",
  year   = "2021 (dostęp z dnia 10.06.2021)"
}

@manual{rapid72021,
  title  = "Vulnerability Management Tool",
  author = "Rapid7",
  url    = "https://www.rapid7.com/products/nexpose/",
  year   = "2021 (dostęp z dnia 10.06.2021)"
}

@book{beale2004nessus,
  title={Nessus Network Auditing: Jay Beale Open Source Security Series},
  author={Beale, Jay and Meer, Haroon and van der Walt, Charl and Deraison, Renaud},
  year={2004},
  publisher={Elsevier}
}

@incollection{rahalkar2019openvas,
  title={OpenVAS},
  author={Rahalkar, Sagar},
  booktitle={Quick Start Guide to Penetration Testing},
  pages={47--71},
  year={2019},
  publisher={Springer}
}

@article{booth2013national,
  title={The national vulnerability database (nvd): Overview},
  author={Booth, Harold and Rike, Doug and Witte, Gregory A},
  journal={NVD},
  year={2013}
}

@article{exploitexploits,
  title={Exploits Collections},
  author={Exploit, DB and OVSDB, Webgoat and others},
  journal={Exploit DB},
  year={(dostęp z dnia 10.06.2021)}
}

@manual{thehive,
  title  = "Security Incident Response",
  author = "TheHive Project",
  url    = "https://thehive-project.org/",
  year   = "2021 (dostęp z dnia 10.06.2021)"
}

@misc{baron2010configuration,
  title={Configuration management database state model},
  author={Baron, Anthony and Vinberg, Anders and Hopper, Andrew Timothy and Sanghvi, Ashvinkumar J and Kumar, Dileep RP and Zizys, Giedrius and Cain, Nigel G and Rajarajan, Vij},
  year={2010},
  month=jul # "~13",
  publisher={Google Patents},
  note={US Patent 7,756,828}
}

@manual{tenablevm2021,
  title  = "Vulnerability Management Tool",
  author = "Tenable",
  url    = "https://www.tenable.com/products/tenable-io",
  year   = "2021 (dostęp z dnia 10.06.2021)"
}

@inproceedings{yadav2019patchrank,
  title={PatchRank: Ordering updates for SCADA systems},
  author={Yadav, Geeta and Paul, Kolin},
  booktitle={2019 24th IEEE International Conference on Emerging Technologies and Factory Automation (ETFA)},
  pages={110--117},
  year={2019},
  organization={IEEE}
}

@inproceedings{miura2007securerank,
  title={SecureRank: A risk-based vulnerability management scheme for computing infrastructures},
  author={Miura-Ko, Reiko Ann and Bambos, Nicholas},
  booktitle={2007 IEEE International Conference on Communications},
  pages={1455--1460},
  year={2007},
  organization={IEEE}
}

@article{farris2018vulcon,
  title={Vulcon: A system for vulnerability prioritization, mitigation, and management},
  author={Farris, Katheryn A and Shah, Ankit and Cybenko, George and Ganesan, Rajesh and Jajodia, Sushil},
  journal={ACM Transactions on Privacy and Security (TOPS)},
  volume={21},
  number={4},
  pages={1--28},
  year={2018},
  publisher={ACM New York, NY, USA}
}

@inproceedings{chen2019vest,
  title={VEST: A System for Vulnerability Exploit Scoring \& Timing.},
  author={Chen, Haipeng and Liu, Jing and Liu, Rui and Park, Noseong and Subrahmanian, VS},
  booktitle={IJCAI},
  pages={6503--6505},
  year={2019}
}

@InProceedings{Nowak-cldd-2021,
author="Nowak, Maciej
and Walkowski, Micha{\l}
and Sujecki, S{\l}awomir",
editor="Paszynski, Maciej
and Kranzlm{\"u}ller, Dieter
and Krzhizhanovskaya, Valeria V.
and Dongarra, Jack J.
and Sloot, Peter M.A.",
title="Machine Learning Algorithms for Conversion of CVSS Base Score from 2.0 to 3.x",
booktitle="Computational Science -- ICCS 2021",
year="2021",
publisher="Springer International Publishing",
address="Cham",
pages="255--269",
abstract="The Common Vulnerability Scoring System (CVSS) is the industry standard for describing the characteristics of software vulnerabilities and measuring their severity. However, not all publicly known vulnerabilities have criticality rating in CVSS 3.x, which is the latest and most advanced version of the standard. This is due to the large time gap between the publication of the CVSS 2.0 and CVSS 3.x standards, the large number of the detected and published vulnerabilities at the time, and significant differences in the method of determining vulnerability criticality and assigning vector properties to evaluation components. Consequently, organizations using CVSS to prioritize vulnerabilities use both CVSS versions and abandoned the full transition to CVSS 3.x standard. In this paper authors introduce machine learning algorithms for performing conversions from CVSS 2.0 to CVSS 3.x, scores, which should significantly facilitate the upgrade to CVSS 3.x standard for all stakeholders. The considered case corresponds to a real world application with a large potential impact of the research.",
isbn="978-3-030-77967-2"
}

@inproceedings{el2017data,
  title={Data lifecycles analysis: towards intelligent cycle},
  author={El Arass, Mohammed and Tikito, Iman and Souissi, Nissrine},
  booktitle={2017 Intelligent Systems and Computer Vision (ISCV)},
  pages={1--8},
  year={2017},
  organization={IEEE}
}

@inproceedings{lenk2015towards,
  title={Towards a taxonomy of standards in smart data},
  author={Lenk, Alexander and Bonorden, Leif and Hellmanns, Astrid and Roedder, Nico and Jaehnichen, Stefan},
  booktitle={2015 IEEE International Conference on Big Data (Big Data)},
  pages={1749--1754},
  year={2015},
  organization={IEEE}
}

@manual{vmcgithub,
  title  = "VMC: Vulnerability Management Center",
  author = "DSecure.me",
  url    = "https://github.com/DSecureMe/vmc",
  year   = "2021 (dostęp z dnia 10.06.2021)"
}


@manual{elastalert,
  title  = "ElastAlert: Easy \& Flexible Alerting With Elasticsearch",
  author = "Yelp",
  url    = "https://github.com/Yelp/elastalert",
  year   = "2021 (dostęp z dnia 10.06.2021)"
}


@article{anderson2015docker,
  title={Docker [software engineering]},
  author={Anderson, Charles},
  journal={Ieee Software},
  volume={32},
  number={3},
  pages={102--c3},
  year={2015},
  publisher={IEEE}
}

@article{combe2016docker,
  title={To docker or not to docker: A security perspective},
  author={Combe, Theo and Martin, Antony and Di Pietro, Roberto},
  journal={IEEE Cloud Computing},
  volume={3},
  number={5},
  pages={54--62},
  year={2016},
  publisher={IEEE}
}

@inproceedings{marathe2019docker,
  title={Docker swarm and kubernetes in cloud computing environment},
  author={Marathe, Nikhil and Gandhi, Ankita and Shah, Jaimeel M},
  booktitle={2019 3rd International Conference on Trends in Electronics and Informatics (ICOEI)},
  pages={179--184},
  year={2019},
  organization={IEEE}
}


@book{burns2018kubernetes,
  title={Kubernetes},
  author={Burns, Brendan and Beda, Joe and Hightower, Kelsey},
  year={2018},
  publisher={Dpunkt}
}

@article{chemashkinkubernetes,
  title={Kubernetes Operators as a control system for cloud-native applications},
  author={Chemashkin, Fedor Y and Drobintsev, Pavel D},
  year={2021},
  journal={IEEE}
}

@book{gheorghe2015elasticsearch,
  title={Elasticsearch in action},
  author={Gheorghe, Radu and Hinman, Matthew Lee and Russo, Roy},
  year={2015},
  publisher={Manning}
}

@book{gupta2015kibana,
  title={Kibana essentials},
  author={Gupta, Yuvraj},
  year={2015},
  publisher={Packt Publishing Ltd}
}

@article{ralph,
  title  = "Ralph 3 - Asset Management ",
  author = "Allegro",
  journal = "https://ralph-ng.readthedocs.io/en/stable/",
  year   = "2021 (dostęp z dnia 10.06.2021)"
}

@article{martin2007common,
  title={Common weakness enumeration},
  author={Martin, Robert A},
  journal={Mitre Corporation},
  year={2007}
}

@article{buttner2009common,
  title={Common Platform Enumeration (CPE)--Specification},
  author={Buttner, Andrew and Ziring, Neal},
  journal={URL http://cpe. mitre. org},
  year={2009}
}

@article{malladi2019bug,
  title={Bug bounty programs for cybersecurity: Practices, issues, and recommendations},
  author={Malladi, Suresh S and Subramanian, Hemang C},
  journal={IEEE Software},
  volume={37},
  number={1},
  pages={31--39},
  year={2019},
  publisher={IEEE}
}

@article{microsoft-fre-tier,
  title  = "Microsoft Azure Free Tier",
  author = "Microsoft",
  journal = "https://azure.microsoft.com/free/",
  year   = "2021 (dostęp z dnia 10.06.2021)"
}

@article{microsoft-latency,
  title  = "Azure Network Round Trip Latency Statistics",
  author = "Microsoft",
  journal = "https://docs.microsoft.com/en-us/ azure/networking/azure-network-latency",
  year   = "2021 (dostęp z dnia 10.06.2021)"
}


@article{regsoc,
  title  = "Regionalne Centrum Bezpieczeństwa Cybernetycznego",
  author = "Politechnika Wrocławska - WCSS",
  journal = "https://regsoc.pl/",
  year   = "2021 (dostęp z dnia 10.06.2021)"
}

@article{bernstein2014containers,
  title={Containers and cloud: From lxc to docker to kubernetes},
  author={Bernstein, David},
  journal={IEEE Cloud Computing},
  volume={1},
  number={3},
  pages={81--84},
  year={2014},
  publisher={IEEE}
}

@book{panthofer2019mastering,
  title={Mastering Docker Enterprise: A companion guide for agile container adoption},
  author={Panthofer, Mark},
  year={2019},
  publisher={Packt Publishing Ltd}
}

@inproceedings{chung2016using,
  title={Using docker in high performance computing applications},
  author={Chung, Minh Thanh and Quang-Hung, Nguyen and Nguyen, Manh-Thin and Thoai, Nam},
  booktitle={2016 IEEE Sixth International Conference on Communications and Electronics (ICCE)},
  pages={52--57},
  year={2016},
  organization={IEEE}
}

@inproceedings{virmani2015understanding,
  title={Understanding DevOps \& bridging the gap from continuous integration to continuous delivery},
  author={Virmani, Manish},
  booktitle={Fifth international conference on the innovative computing technology (intech 2015)},
  pages={78--82},
  year={2015},
  organization={IEEE}
}

@book{johansson2020rabbitmq,
  title={RabbitMQ Essentials: Build distributed and scalable applications with message queuing using RabbitMQ},
  author={Johansson, Lovisa and Dossot, David},
  year={2020},
  publisher={Packt Publishing Ltd}
}

@article{weintraub2016security,
  title={Security Risk Scoring Incorporating Computers' Environment},
  author={Weintraub, Eli},
  journal={IJACSA) International Journal of Advanced Computer Science and Applications},
  volume={7},
  number={4},
  year={2016}
}

@inproceedings{chen2016towards,
  title={Towards scalable and reliable in-memory storage system: A case study with Redis},
  author={Chen, Shanshan and Tang, Xiaoxin and Wang, Hongwei and Zhao, Han and Guo, Minyi},
  booktitle={2016 IEEE Trustcom/BigDataSE/ISPA},
  pages={1660--1667},
  year={2016},
  organization={IEEE}
}

@book{dixit2016elasticsearch,
  title={Elasticsearch Essentials},
  author={Dixit, Bharvi},
  year={2016},
  publisher={Packt Publishing Ltd}
}

@book{astels2003test,
  title={Test driven development: A practical guide},
  author={Astels, Dave},
  year={2003},
  publisher={Prentice Hall Professional Technical Reference}
}


@article{ASVS,
  title  = "OWASP Application Security Verification Standard",
  author = "OWASP",
  journal = "https://github.com/OWASP/ASVS/tree/v4.0.2/4.0",
  year   = "2019 (dostęp z dnia 10.06.2021)"
}

@article{centurion,
  title  = "Centurion",
  author = "Newrelic",
  journal = "https://github.com/newrelic/centurion",
  year   = "2017 (dostęp z dnia 10.06.2021)"
}

@article{mesos,
  title  = "Mesos",
  author = "Apache Foundation",
  journal = "https://github.com/apache/mesos",
  year   = "2021 (dostęp z dnia 10.06.2021)"
}

@inproceedings{naik2016building,
  title={Building a virtual system of systems using docker swarm in multiple clouds},
  author={Naik, Nitin},
  booktitle={2016 IEEE International Symposium on Systems Engineering (ISSE)},
  pages={1--3},
  year={2016},
  organization={IEEE}
}

@inproceedings{vergilio2019non,
  title={Non-functional requirements for real world big data systems: An investigation of big data architectures at Facebook, Twitter and Netflix},
  author={Vergilio, Thalita and Ramachandran, Muthu},
  booktitle={Proceedings of the 13th International Conference on Software Technologies},
  volume={1},
  pages={833--840},
  year={2019}
}

@article{callegati2009man,
  title={Man-in-the-Middle Attack to the HTTPS Protocol},
  author={Callegati, Franco and Cerroni, Walter and Ramilli, Marco},
  journal={IEEE Security \& Privacy},
  volume={7},
  number={1},
  pages={78--81},
  year={2009},
  publisher={IEEE}
}

@article{alqudah2016review,
  title={A review of scaling agile methods in large software development},
  author={Alqudah, Mashal and Razali, Rozilawati},
  journal={International Journal on Advanced Science, Engineering and Information Technology},
  volume={6},
  number={6},
  pages={828--837},
  year={2016}
}

@book{morris2016infrastructure,
  title={Infrastructure as code: managing servers in the cloud},
  author={Morris, Kief},
  year={2016},
  publisher={" O'Reilly Media, Inc."}
}

@INPROCEEDINGS{Nowa2109Conversion,
AUTHOR="Maciej Roman Nowak and Michał Walkowski and Sławomir Sujecki",
TITLE="Conversion of {CVSS} Base Score from {2.0} to {3.1}",
BOOKTITLE="The 29th International Conference on Software, Telecommunications and
Computer Networks (SoftCOM 2021)",
ADDRESS="Hvar, Croatia",
DAYS=22,
MONTH=sep,
YEAR=2021,
KEYWORDS="security; CVSS score; well-known vulnerabilities; machine learning",
ABSTRACT="In this paper an application of machine learning algorithms (MLA) to
convert the Common Vulnerability Scoring System (CVSS) ratings from version
2.0 to 3.1 is discussed. CVSS is an international industry standard that
describes vulnerabilities and provides measurable risk indicators. By 2015,
only version 2.0 of CVSS was used, while the latest and most advanced CVSS
version - 3.1, was introduced in 2019. Due to a large number of
vulnerabilities found to date, not all publicly known vulnerabilities have
been assigned a CVSS 3.1 score. This situation hinders many organizations
in moving from CVSS 2.0 to 3.1 standard. The application of machine
learning algorithms presented in this contribution allows calculation of
the missing CVSS 3.1 scores and thus should facilitate for many
organisations the transition to CVSS 3.1 standard."
}

@INPROCEEDINGS{Walk2109-Automatic,
AUTHOR="Michał Walkowski and Jacek Oko and Maciej Krakowiak and Sławomir Sujecki
and Marcin Jaroszewski",
TITLE="Automatic {CVSS-based} vulnerability prioritization and response with
context information",
BOOKTITLE="The 29th International Conference on Software, Telecommunications and
Computer Networks (SoftCOM 2021)",
ADDRESS="Hvar, Croatia",
DAYS=22,
MONTH=sep,
YEAR=2021,
KEYWORDS="Cybersecurity; Risk-Based Vulnerability Management; ommon Vulnerability
Scoring System; Quality of Service",
ABSTRACT="Vulnerability prioritisation is essential in the process of the
vulnerability management within an IT network environment. Accurate
prioritisation of the detected vulnerabilities is an important factor in
corporate cybersecurity. This is because the most critical vulnerabilities
should be given an immediate attention. The process of vulnerability
prioritization is further exacerbated by amounts of data produced by
various security systems. Thus timely detection and elimination of a
vulnerability critical to the company, is very difficult. In order to
improve the efficiency of the vulnerability prioritisation process, in this
paper a study of selected metrics that aim to facilitate detection of
critical vulnerabilities is performed."
}

@inproceedings{li2015study,
  title={Study on the distribution of CVSS environmental score},
  author={Li, Han and Xi, Rongrong and Zhao, Li},
  booktitle={2015 IEEE 5th International Conference on Electronics Information and Emergency Communication},
  pages={122--125},
  year={2015},
  organization={IEEE}
}

@article{postgresql1996postgresql,
  title={PostgreSQL},
  author={PostgreSQL, Behandelt},
  journal={Available  online: http://www.postgreSQL.org/about},
  year={1996}
}

@article{bartholomew2012mariadb,
  title={Mariadb vs. mysql},
  author={Bartholomew, Daniel},
  journal={Dostopano},
  volume={7},
  number={10},
  pages={2014},
  year={2012}
}

@book{pilgrim2009dive,
  title={Dive Into Python 3},
  author={Pilgrim, Mark and Willison, Simon},
  volume={2},
  year={2009},
  publisher={Springer}
}

@article{yadav2015review,
  title={A review of various mutual exclusion algorithms in distributed environment},
  author={Yadav, Nisha and Yadav, Sudha and Mandiratta, Sonam},
  journal={International Journal of Computer Applications},
  volume={129},
  number={14},
  pages={11--16},
  year={2015},
  publisher={Foundation of Computer Science}
}

@book{bird2009natural,
  title={Natural language processing with Python: analyzing text with the natural language toolkit},
  author={Bird, Steven and Klein, Ewan and Loper, Edward},
  year={2009},
  publisher={" O'Reilly Media, Inc."}
}

@manual{cvss-2-extended-vector-database-github,
  title  = "CVSS 2.0 extended vector database",
  author = "Nowak, Maciej  and Walkowski, Micha{\l} and Sujecki, S{\l}awomir",
  url    = "https://github.com/mwalkowski/cvss-2-extended-vector-database",
  year   = "2021 (accessed July 4, 2021)"
}

@article{nowak2019recognition,
  title={Recognition of Pharmacological Bi-Heterocyclic Compounds by Using Terahertz Time Domain Spectroscopy and Chemometrics},
  author={Nowak, Maciej Roman and Zdunek, Rafal and Plinski, Edward and Swiatek, Piotr and Strzelecka, Malgorzata and Malinka, Wieslaw and Plinska, Stanislawa},
  journal={Sensors},
  volume={19},
  number={15},
  pages={3349},
  year={2019},
  publisher={Multidisciplinary Digital Publishing Institute}
}
